@misc{Vorlesung,
	author = {Carsten Kern},
	title = {Vorlesungsunterlagen}
}